@article{su2015genetic,
  title={Genetic algorithm based feature selection and parameter optimization for support vector regression applied to semantic textual similarity},
  author={Su, Bai-hua and Wang, Ying-lin},
  journal={Journal of Shanghai Jiaotong University (Science)},
  volume={20},
  pages={143--148},
  year={2015},
  publisher={Springer}
}

@article{weissman2016natural,
  title={Natural Language Processing to Assess Documentation of Features of Critical Illness in Discharge Documents of Acute Respiratory Distress Syndrome Survivors},
  author={Weissman, Gary E and Harhay, Michael O and Lugo, Ricardo M and Fuchs, Barry D and Halpern, Scott D and Mikkelsen, Mark E},
  journal={Annals of the American Thoracic Society},
  volume={13},
  number={9},
  pages={1538--1545},
  year={2016},
  publisher={Am Thoracic Soc}
}

@inproceedings{bespalov2011sentiment,
  title={Sentiment classification based on supervised latent n-gram analysis},
  author={Bespalov, Dmitriy and Bai, Bing and Qi, Yanjun and Shokoufandeh, Ali},
  booktitle={Proceedings of the 20th ACM international conference on Information and knowledge management},
  pages={375--382},
  year={2011},
  organization={ACM}
}

@inproceedings{pang2002thumbs,
  title={Thumbs up?: sentiment classification using machine learning techniques},
  author={Pang, Bo and Lee, Lillian and Vaithyanathan, Shivakumar},
  booktitle={Proceedings of the ACL-02 conference on Empirical methods in natural language processing-Volume 10},
  pages={79--86},
  year={2002},
  organization={Association for Computational Linguistics}
}

@inproceedings{tang2014learning,
  title={Learning Sentiment-Specific Word Embedding for Twitter Sentiment Classification.},
  author={Tang, Duyu and Wei, Furu and Yang, Nan and Zhou, Ming and Liu, Ting and Qin, Bing},
  booktitle={ACL (1)},
  pages={1555--1565},
  year={2014}
}

@inproceedings{pennington2014glove,
  title={Glove: Global Vectors for Word Representation.},
  author={Pennington, Jeffrey and Socher, Richard and Manning, Christopher D},
  booktitle={EMNLP},
  volume={14},
  pages={1532--43},
  year={2014}
}

@inproceedings{turian2010word,
  title={Word representations: a simple and general method for semi-supervised learning},
  author={Turian, Joseph and Ratinov, Lev and Bengio, Yoshua},
  booktitle={Proceedings of the 48th annual meeting of the association for computational linguistics},
  pages={384--394},
  year={2010},
  organization={Association for Computational Linguistics}
}

@article{mikolov2013efficient,
  title={Efficient estimation of word representations in vector space},
  author={Mikolov, Tomas and Chen, Kai and Corrado, Greg and Dean, Jeffrey},
  journal={arXiv preprint arXiv:1301.3781},
  year={2013}
}

@misc{carbon2014applications,
  title={Applications of Machine Learning to Predict Yelp Ratings},
  author={Carbon, Kyle and Fujii, Kacyn and Veerina, Prasanth},
  year={2014},
  publisher={Stanford Univ., Stanford, CA}
}

@inproceedings{le2014distributed,
  title={Distributed Representations of Sentences and Documents.},
  author={Le, Quoc V and Mikolov, Tomas},
  booktitle={ICML},
  volume={14},
  pages={1188--1196},
  year={2014}
}

@article{dai2015document,
  title={Document embedding with paragraph vectors},
  author={Dai, Andrew M and Olah, Christopher and Le, Quoc V},
  journal={arXiv preprint arXiv:1507.07998},
  year={2015}
}

@article{cameron1997r,
  title={An R-squared measure of goodness of fit for some common nonlinear regression models},
  author={Cameron, A Colin and Windmeijer, Frank AG},
  journal={Journal of Econometrics},
  volume={77},
  number={2},
  pages={329--342},
  year={1997},
  publisher={Elsevier}
}

@article{tsui2005integrating,
  title={Integrating knowledge management technologies in organizational business processes: getting real time enterprises to deliver real business performance},
  author={Tsui, Eric and Malhotra, Yogesh},
  journal={Journal of knowledge management},
  volume={9},
  number={1},
  pages={7--28},
  year={2005},
  publisher={Emerald Group Publishing Limited}
}

@misc{tensorflow_word2vec,
  title = {Vector Representations of Words},
  howpublished = {\url{https://www.tensorflow.org/versions/r0.12/tutorials/word2vec/index.html}},
  note = {Accessed: 2016-12-08}
}

@misc{continuous_function,
  title = {Continuous function},
  howpublished = {\url{https://www.encyclopediaofmath.org/index.php/Continuous_function}},
  note = {Accessed: 2016-12-09}
}

@article{drake2008sentiment,
  title={Sentiment regression: Using real-valued scores to summarize overall document sentiment},
  author={Drake, Adam and Ringger, Eric K and Ventura, Dan A},
  year={2008},
  publisher={IEEE}
}

@inproceedings{mikolov2013distributed,
  title={Distributed representations of words and phrases and their compositionality},
  author={Mikolov, Tomas and Sutskever, Ilya and Chen, Kai and Corrado, Greg S and Dean, Jeff},
  booktitle={Advances in neural information processing systems},
  pages={3111--3119},
  year={2013}
}

@misc{doc2vec_api,
  title = {Doc2Vec (Gensim) - Deep learning via the distributed memory and distributed bag of words models using either hierarchical softmax or negative sampling},
  howpublished = {\url{https://radimrehurek.com/gensim/models/doc2vec.html}},
  note = {Accessed: 2016-12-11}
}

@misc{regression_analysis,
  title = {Regression Analysis},
  howpublished = {\url{https://www.encyclopediaofmath.org/index.php/Regression_analysis}},
  note = {Accessed: 2016-12-11}
}

@article{basak2007support,
  title={Support vector regression},
  author={Basak, Debasish and Pal, Srimanta and Patranabis, Dipak Chandra},
  journal={Neural Information Processing-Letters and Reviews},
  volume={11},
  number={10},
  pages={203--224},
  year={2007},
  publisher={Citeseer}
}

@inproceedings{zaharia2012discretized,
  title={Discretized streams: an efficient and fault-tolerant model for stream processing on large clusters},
  author={Zaharia, Matei and Das, Tathagata and Li, Haoyuan and Shenker, Scott and Stoica, Ion},
  booktitle={Presented as part of the},
  year={2012}
}

@inproceedings{kreps2011kafka,
  title={Kafka: A distributed messaging system for log processing},
  author={Kreps, Jay and Narkhede, Neha and Rao, Jun and others},
  booktitle={Proceedings of the NetDB},
  pages={1--7},
  year={2011}
}

@book{jaeger1990statistics,
  title={Statistics: A spectator sport},
  author={Jaeger, Richard M},
  volume={5},
  year={1990},
  publisher={Sage}
}

@misc{amazon_datasets,
  title = {Amazon Product Review Data},
  howpublished = {\url{http://jmcauley.ucsd.edu/data/amazon/}},
  note = {Accessed: 2016-12-12}
}

@misc{bosun_repo,
  title = {Bosun - an open-source, MIT licensed, monitoring and alerting system by Stack Exchange},
  howpublished = {\url{https://github.com/bosun-monitor/bosun}},
  note = {Accessed: 2016-12-13}
}

@misc{opentsdb,
  title = {OpenTSDB - The Scalable Time Series Database},
  howpublished = {\url{https://github.com/OpenTSDB/opentsdb}},
  note = {Accessed: 2016-12-13}
}

@misc{python,
  title = {Python},
  howpublished = {\url{https://www.python.org/}},
  note = {Accessed: 2016-12-13}
}

@misc{scikit_learn,
  title = {scikit-learn: Machine Learning in Python},
  howpublished = {\url{http://scikit-learn.org/stable/}},
  note = {Accessed: 2016-12-13}
}

@inproceedings{buneman1996query,
  title={A query language and optimization techniques for unstructured data},
  author={Buneman, Peter and Davidson, Susan and Hillebrand, Gerd and Suciu, Dan},
  booktitle={ACM SIGMOD Record},
  volume={25},
  number={2},
  pages={505--516},
  year={1996},
  organization={ACM}
}

@inproceedings{gonzalez2011identifying,
  title={Identifying sarcasm in Twitter: a closer look},
  author={Gonz{\'a}lez-Ib{\'a}nez, Roberto and Muresan, Smaranda and Wacholder, Nina},
  booktitle={Proceedings of the 49th Annual Meeting of the Association for Computational Linguistics: Human Language Technologies: short papers-Volume 2},
  pages={581--586},
  year={2011},
  organization={Association for Computational Linguistics}
}

@incollection{bottou2010large,
  title={Large-scale machine learning with stochastic gradient descent},
  author={Bottou, L{\'e}on},
  booktitle={Proceedings of COMPSTAT'2010},
  pages={177--186},
  year={2010},
  publisher={Springer}
}
